<?xml version="1.0" encoding="UTF-8"?><collection xmlns="http://www.loc.gov/MARC21/slim"><record><leader>00500nam--2200145-i-4500</leader><controlfield tag="001">000024520</controlfield><controlfield tag="002">20161230</controlfield><controlfield tag="005">20161230201035</controlfield><controlfield tag="008">060222s1000------------r-----000-0-eng-d</controlfield><datafield ind1=" " ind2=" " tag="080"><subfield code="a">621.375.826(061.3)</subfield></datafield><datafield ind1=" " ind2=" " tag="245"><subfield code="a">Excimer lasers, their applications, and new frontiers in lasers</subfield></datafield><datafield ind1=" " ind2=" " tag="260"><subfield code="a">Washington, The International Society For Optical Engineering, 1984.Vi + 170p</subfield></datafield><datafield ind1=" " ind2=" " tag="490"><subfield code="a">Proceedings Of Spie-the International Society For Optical Engineering</subfield></datafield><datafield ind1=" " ind2=" " tag="700"><subfield code="a">Waynant, Ronald W</subfield></datafield><datafield ind1=" " ind2=" " tag="852"><subfield code="a">72483</subfield></datafield></record></collection>